1011234567890 0910000190909140559A094101ABC COMPANY            WELLS FARGO BANK               
5200ABC COMPANY                         2222222222PPDPREMIUM   SEP 120909120001091000017000001
6260515012990123456          00000018130001234        BOB B BROWN SR          1091000010111111
799R08091000010406896      05150129                                            091000010087001
820000000200051501290000000018130000000000002222222222                         091000010000001
9000005000003000000100058631944000000010805000000000000                                       
